@book{angrist2009mostly,
  title={Mostly harmless econometrics: An empiricist's companion},
  author={Angrist, Joshua D and Pischke, J{\"o}rn-Steffen},
  year={2009},
  publisher={Princeton university press}
}

@book{hansen2022econometrics,
  title={Econometrics},
  author={Hansen, B.},
  isbn={9780691235899},
  lccn={2021049283},
  url={https://books.google.de/books?id=Pte7zgEACAAJ},
  year={2022},
  publisher={Princeton University Press}
}

@book{angrist2014mastering,
  title={Mastering'metrics: The path from cause to effect},
  author={Angrist, Joshua D and Pischke, J{\"o}rn-Steffen},
  year={2014},
  publisher={Princeton university press}
}


@book{cameron2005microeconometrics,
  title={Microeconometrics: methods and applications},
  author={Cameron, A Colin and Trivedi, Pravin K},
  year={2005},
  publisher={Cambridge university press}
}

@book{wooldridge2010econometric,
  title={Econometric analysis of cross section and panel data},
  author={Wooldridge, Jeffrey M},
  year={2010},
  publisher={MIT press}
}

@article{hsiao2007panel,
  title={Panel data analysisâ€”advantages and challenges},
  author={Hsiao, Cheng},
  journal={Test},
  volume={16},
  number={1},
  pages={1--22},
  year={2007},
  publisher={Springer}
}

@book{cunningham2021causal,
  title={Causal Inference: The Mixtape},
  author={Cunningham, S.},
  isbn={9780300255881},
  lccn={2020939011},
  url={https://books.google.de/books?id=PSEMEAAAQBAJ},
  year={2021},
  publisher={Yale University Press}
}

@article{bai2009panel,
  title={Panel data models with interactive fixed effects},
  author={Bai, Jushan},
  journal={Econometrica},
  volume={77},
  number={4},
  pages={1229--1279},
  year={2009},
  publisher={Wiley Online Library}
}

@article{kneip2012new,
  title={A new panel data treatment for heterogeneity in time trends},
  author={Kneip, Alois and Sickles, Robin C and Song, Wonho},
  journal={Econometric theory},
  volume={28},
  number={3},
  pages={590--628},
  year={2012},
  publisher={Cambridge University Press}
}

@article{bada2012phtt,
  title={phtt: Panel data analysis with heterogeneous time trends},
  author={Bada, O and Liebl, D},
  journal={Journal of Statistical Software},
  volume={59},
  number={6},
  year={2014}
}

@book{wasserman2006all,
  title={All of nonparametric statistics},
  author={Wasserman, Larry},
  year={2006},
  publisher={Springer Science \& Business Media}
}


@book{eubank1999nonparametric,
  title={Nonparametric regression and spline smoothing},
  author={Eubank, Randall L},
  year={1999},
  publisher={CRC press}
}

@article{bada2014parameter,
  title={Parameter cascading for panel models with unknown number of unobserved factors: An application to the credit spread puzzle},
  author={Bada, Oualid and Kneip, Alois},
  journal={Computational Statistics \& Data Analysis},
  volume={76},
  pages={95--115},
  year={2014},
  publisher={Elsevier}
}







